@article{qi22,
  author  = {Qi, Junyu and Mauricio, Alexandre and Gryllias, Konstantinos},
  title   = "{Comparison of Blind Diagnostic Indicators for Condition Monitoring of Wind Turbine Gearbox Bearings}",
  journal = {Journal of Engineering for Gas Turbines and Power},
  volume  = {144},
  number  = {4},
  pages   = {041019},
  year    = {2022},
  month   = {02},
  issn    = {0742-4795},
  doi     = {10.1115/1.4049797},
}
